@article{catal2009systematic,
  title={A systematic review of software fault prediction studies},
  author={Catal, Cagatay and Diri, Banu},
  journal={Expert systems with applications},
  volume={36},
  number={4},
  pages={7346--7354},
  year={2009},
  publisher={Elsevier}
}

@inproceedings{jiang2013personalized,
  title={Personalized defect prediction},
  author={Jiang, Tian and Tan, Lin and Kim, Sunghun},
  booktitle={2013 28th IEEE/ACM International Conference on Automated Software Engineering (ASE)},
  pages={279--289},
  year={2013},
  organization={Ieee}
}

@article{nam2014survey,
  title={Survey on software defect prediction},
  author={Nam, Jaechang},
  journal={Department of Compter Science and Engineerning, The Hong Kong University of Science and Technology, Tech. Rep},
  year={2014}
}

@misc{maurice1977elements,
  title={Elements of software science (operating and programming systems series)},
  author={Maurice, H Halstead},
  year={1977},
  publisher={Elsevier Science Inc., New York}
}

@article{mccabe1976complexity,
  title={A complexity measure},
  author={McCabe, Thomas J},
  journal={IEEE Transactions on software Engineering},
  number={4},
  pages={308--320},
  year={1976},
  publisher={IEEE}
}

@article{wang2018deep,
  title={Deep semantic feature learning for software defect prediction},
  author={Wang, Song and Liu, Taiyue and Nam, Jaechang and Tan, Lin},
  journal={IEEE Transactions on Software Engineering},
  year={2018},
  publisher={IEEE}
}

@article{zhou2018far,
  title={How far we have progressed in the journey? an examination of cross-project defect prediction},
  author={Zhou, Yuming and Yang, Yibiao and Lu, Hongmin and Chen, Lin and Li, Yanhui and Zhao, Yangyang and Qian, Junyan and Xu, Baowen},
  journal={ACM Transactions on Software Engineering and Methodology (TOSEM)},
  volume={27},
  number={1},
  pages={1--51},
  year={2018},
  publisher={ACM New York, NY, USA}
}

@inproceedings{fan2019deep,
  title={Deep Semantic Feature Learning with Embedded Static Metrics for Software Defect Prediction},
  author={Fan, Guisheng and Diao, Xuyang and Yu, Huiqun and Yang, Kang and Chen, Liqiong},
  booktitle={2019 26th Asia-Pacific Software Engineering Conference (APSEC)},
  pages={244--251},
  year={2019},
  organization={IEEE}
}

@inproceedings{li2017software,
  title={Software defect prediction via convolutional neural network},
  author={Li, Jian and He, Pinjia and Zhu, Jieming and Lyu, Michael R},
  booktitle={2017 IEEE International Conference on Software Quality, Reliability and Security (QRS)},
  pages={318--328},
  year={2017},
  organization={IEEE}
}

@article{hinton2006fast,
  title={A fast learning algorithm for deep belief nets},
  author={Hinton, Geoffrey E and Osindero, Simon and Teh, Yee-Whye},
  journal={Neural computation},
  volume={18},
  number={7},
  pages={1527--1554},
  year={2006},
  publisher={MIT Press}
}

@inproceedings{mikolov2013distributed,
  title={Distributed representations of words and phrases and their compositionality},
  author={Mikolov, Tomas and Sutskever, Ilya and Chen, Kai and Corrado, Greg S and Dean, Jeff},
  booktitle={Advances in neural information processing systems},
  pages={3111--3119},
  year={2013}
}

@inproceedings{pennington2014glove,
  title={Glove: Global vectors for word representation},
  author={Pennington, Jeffrey and Socher, Richard and Manning, Christopher D},
  booktitle={Proceedings of the 2014 conference on empirical methods in natural language processing (EMNLP)},
  pages={1532--1543},
  year={2014}
}

@article{hochreiter1997long,
  title={Long short-term memory},
  author={Hochreiter, Sepp and Schmidhuber, J{\"u}rgen},
  journal={Neural computation},
  volume={9},
  number={8},
  pages={1735--1780},
  year={1997},
  publisher={MIT Press}
}

@article{liang2019seml,
  title={Seml: A semantic LSTM model for software defect prediction},
  author={Liang, Hongliang and Yu, Yue and Jiang, Lin and Xie, Zhuosi},
  journal={IEEE Access},
  volume={7},
  pages={83812--83824},
  year={2019},
  publisher={IEEE}
}

@inproceedings{liu2018connecting,
  title={Connecting software metrics across versions to predict defects},
  author={Liu, Yibin and Li, Yanhui and Guo, Jianbo and Zhou, Yuming and Xu, Baowen},
  booktitle={2018 IEEE 25th International Conference on Software Analysis, Evolution and Reengineering (SANER)},
  pages={232--243},
  year={2018},
  organization={IEEE}
}

@article{wang2018gated,
  title={Gated hierarchical LSTMs for target-based sentiment analysis},
  author={Wang, Hao and Zhang, Xiaofang and Liang, Bin and Zhou, Qian and Xu, Baowen},
  journal={International Journal of Software Engineering and Knowledge Engineering},
  volume={28},
  number={11n12},
  pages={1719--1737},
  year={2018},
  publisher={World Scientific}
}

@article{ni2019empirical,
  title={An empirical study on pareto based multi-objective feature selection for software defect prediction},
  author={Ni, Chao and Chen, Xiang and Wu, Fangfang and Shen, Yuxiang and Gu, Qing},
  journal={Journal of Systems and Software},
  volume={152},
  pages={215--238},
  year={2019},
  publisher={Elsevier}
}

@inproceedings{he2013learning,
  title={Learning from open-source projects: An empirical study on defect prediction},
  author={He, Zhimin and Peters, Fayola and Menzies, Tim and Yang, Ye},
  booktitle={2013 ACM/IEEE International Symposium on Empirical Software Engineering and Measurement},
  pages={45--54},
  year={2013},
  organization={IEEE}
}

@inproceedings{jing2014dictionary,
  title={Dictionary learning based software defect prediction},
  author={Jing, Xiao-Yuan and Ying, Shi and Zhang, Zhi-Wu and Wu, Shan-Shan and Liu, Jin},
  booktitle={Proceedings of the 36th International Conference on Software Engineering},
  pages={414--423},
  year={2014}
}

@article{chen2020different,
  title={Do different cross-project defect prediction methods identify the same defective modules?},
  author={Chen, Xiang and Mu, Yanzhou and Qu, Yubin and Ni, Chao and Liu, Meng and He, Tong and Liu, Shangqing},
  journal={Journal of Software: Evolution and Process},
  volume={32},
  number={5},
  pages={e2234},
  year={2020},
  publisher={Wiley Online Library}
}

@article{jiang2008techniques,
  title={Techniques for evaluating fault prediction models},
  author={Jiang, Yue and Cukic, Bojan and Ma, Yan},
  journal={Empirical Software Engineering},
  volume={13},
  number={5},
  pages={561--595},
  year={2008},
  publisher={Springer}
}

@article{menzies2006data,
  title={Data mining static code attributes to learn defect predictors},
  author={Menzies, Tim and Greenwald, Jeremy and Frank, Art},
  journal={IEEE transactions on software engineering},
  volume={33},
  number={1},
  pages={2--13},
  year={2006},
  publisher={IEEE}
}

@inproceedings{huang2017supervised,
  title={Supervised vs unsupervised models: A holistic look at effort-aware just-in-time defect prediction},
  author={Huang, Qiao and Xia, Xin and Lo, David},
  booktitle={2017 IEEE International Conference on Software Maintenance and Evolution (ICSME)},
  pages={159--170},
  year={2017},
  organization={IEEE}
}

@article{kamei2012large,
  title={A large-scale empirical study of just-in-time quality assurance},
  author={Kamei, Yasutaka and Shihab, Emad and Adams, Bram and Hassan, Ahmed E and Mockus, Audris and Sinha, Anand and Ubayashi, Naoyasu},
  journal={IEEE Transactions on Software Engineering},
  volume={39},
  number={6},
  pages={757--773},
  year={2012},
  publisher={IEEE}
}

@article{huang2019revisiting,
  title={Revisiting supervised and unsupervised models for effort-aware just-in-time defect prediction},
  author={Huang, Qiao and Xia, Xin and Lo, David},
  journal={Empirical Software Engineering},
  volume={24},
  number={5},
  pages={2823--2862},
  year={2019},
  publisher={Springer}
}

@inproceedings{yang2016effort,
  title={Effort-aware just-in-time defect prediction: simple unsupervised models could be better than supervised models},
  author={Yang, Yibiao and Zhou, Yuming and Liu, Jinping and Zhao, Yangyang and Lu, Hongmin and Xu, Lei and Xu, Baowen and Leung, Hareton},
  booktitle={Proceedings of the 2016 24th ACM SIGSOFT International Symposium on Foundations of Software Engineering},
  pages={157--168},
  year={2016}
}

@inproceedings{kochhar2016practitioners,
  title={Practitioners' expectations on automated fault localization},
  author={Kochhar, Pavneet Singh and Xia, Xin and Lo, David and Li, Shanping},
  booktitle={Proceedings of the 25th International Symposium on Software Testing and Analysis},
  pages={165--176},
  year={2016}
}

@inproceedings{mende2010effort,
  title={Effort-aware defect prediction models},
  author={Mende, Thilo and Koschke, Rainer},
  booktitle={2010 14th European Conference on Software Maintenance and Reengineering},
  pages={107--116},
  year={2010},
  organization={IEEE}
}

@article{benjamini1995controlling,
  title={Controlling the false discovery rate: a practical and powerful approach to multiple testing},
  author={Benjamini, Yoav and Hochberg, Yosef},
  journal={Journal of the Royal statistical society: series B (Methodological)},
  volume={57},
  number={1},
  pages={289--300},
  year={1995},
  publisher={Wiley Online Library}
}

@inproceedings{nagappan2010change,
  title={Change bursts as defect predictors},
  author={Nagappan, Nachiappan and Zeller, Andreas and Zimmermann, Thomas and Herzig, Kim and Murphy, Brendan},
  booktitle={2010 IEEE 21st International Symposium on Software Reliability Engineering},
  pages={309--318},
  year={2010},
  organization={IEEE}
}

@inproceedings{nagappan2005use,
  title={Use of relative code churn measures to predict system defect density},
  author={Nagappan, Nachiappan and Ball, Thomas},
  booktitle={Proceedings of the 27th international conference on Software engineering},
  pages={284--292},
  year={2005}
}

@article{elish2008predicting,
  title={Predicting defect-prone software modules using support vector machines},
  author={Elish, Karim O and Elish, Mahmoud O},
  journal={Journal of Systems and Software},
  volume={81},
  number={5},
  pages={649--660},
  year={2008},
  publisher={Elsevier}
}

@article{wen2012systematic,
  title={Systematic literature review of machine learning based software development effort estimation models},
  author={Wen, Jianfeng and Li, Shixian and Lin, Zhiyong and Hu, Yong and Huang, Changqin},
  journal={Information and Software Technology},
  volume={54},
  number={1},
  pages={41--59},
  year={2012},
  publisher={Elsevier}
}

@article{catal2009investigating,
  title={Investigating the effect of dataset size, metrics sets, and feature selection techniques on software fault prediction problem},
  author={Catal, Cagatay and Diri, Banu},
  journal={Information Sciences},
  volume={179},
  number={8},
  pages={1040--1058},
  year={2009},
  publisher={Elsevier}
}

@article{ryu2016value,
  title={Value-cognitive boosting with a support vector machine for cross-project defect prediction},
  author={Ryu, Duksan and Choi, Okjoo and Baik, Jongmoon},
  journal={Empirical Software Engineering},
  volume={21},
  number={1},
  pages={43--71},
  year={2016},
  publisher={Springer}
}

@inproceedings{yang2015deep,
  title={Deep learning for just-in-time defect prediction},
  author={Yang, Xinli and Lo, David and Xia, Xin and Zhang, Yun and Sun, Jianling},
  booktitle={2015 IEEE International Conference on Software Quality, Reliability and Security},
  pages={17--26},
  year={2015},
  organization={IEEE}
}

@inproceedings{kamei2007effects,
  title={The effects of over and under sampling on fault-prone module detection},
  author={Kamei, Yasutaka and Monden, Akito and Matsumoto, Shinsuke and Kakimoto, Takeshi and Matsumoto, Ken-ichi},
  booktitle={First International Symposium on Empirical Software Engineering and Measurement (ESEM 2007)},
  pages={196--204},
  year={2007},
  organization={IEEE}
}

@inproceedings{ruder2016hierarchical,
  author= {Sebastian Ruder, Parsa Ghaffari and John G. Breslin},
  title= {A hierarchical model of reviews for aspect-based sentiment analysis},
  booktitle = {Proceedings of the 2016 Conference on Empirical Methods in Natural Language Processing},
  pages     = {999--1005},
  organization={ACL},
  publisher = {The Association for Computational Linguistics},
  year = {2016},
  url       = {https://doi.org/10.18653/v1/d16-1103},
  doi       = {10.18653/v1/d16-1103},
  timestamp = {Tue, 28 Jan 2020 10:28:24 +0100},
  biburl    = {https://dblp.org/rec/conf/emnlp/RuderGB16.bib},
  bibsource = {dblp computer science bibliography, https://dblp.org}
}

@article{jureczko2010using,
  title={Using object-oriented design metrics to predict software defects},
  author={Jureczko, Marian and Spinellis, Diomidis},
  journal={Models and Methods of System Dependability. Oficyna Wydawnicza Politechniki Wroc{\l}awskiej},
  pages={69--81},
  year={2010}
}

@inproceedings{jureczko2010towards,
  title={Towards identifying software project clusters with regard to defect prediction},
  author={Jureczko, Marian and Madeyski, Lech},
  booktitle={Proceedings of the 6th international conference on predictive models in software engineering},
  pages={1--10},
  year={2010}
}